<?xml version="1.0" encoding="UTF-8"?><collection><record><leader>04089ntm a2200529 a 4500</leader><controlfield tag="001">006832328</controlfield><controlfield tag="003">MiAaHDL</controlfield><controlfield tag="005">20190719000000.0</controlfield><controlfield tag="006">m        d        </controlfield><controlfield tag="007">cr bn ---auaua</controlfield><controlfield tag="008">090626s1938    xx            00| ||ara d</controlfield><datafield tag="035" ind1=" " ind2=" "><subfield code="a">(MiU)006832328</subfield></datafield><datafield tag="035" ind1=" " ind2=" "><subfield code="a">sdr-miu006832328</subfield></datafield><datafield tag="040" ind1=" " ind2=" "><subfield code="a">MiU</subfield><subfield code="c">MiU</subfield><subfield code="e">amremm</subfield></datafield><datafield tag="043" ind1=" " ind2=" "><subfield code="a">n-us-mi</subfield></datafield><datafield tag="100" ind1="1" ind2=" "><subfield code="6">880-01</subfield><subfield code="a">Ṣadr al-Dīn Shīrāzī, Muḥammad ibn Ibrāhīm,</subfield><subfield code="d">-1641.</subfield></datafield><datafield tag="245" ind1="1" ind2="0"><subfield code="6">880-03</subfield><subfield code="a">Talkhīṣ Kitāb Shawāhid al-rubūbīyah,</subfield><subfield code="f">[1938].</subfield></datafield><datafield tag="246" ind1="3" ind2="8"><subfield code="a">شواهد الربوبية</subfield></datafield><datafield tag="246" ind1="3" ind2=" "><subfield code="i">Title from inscription on 'title page' (p.1):</subfield><subfield code="a">شواده الربوبية</subfield></datafield><datafield tag="260" ind1=" " ind2=" "><subfield code="c">[1938].</subfield></datafield><datafield tag="300" ind1=" " ind2=" "><subfield code="a">33 leaves :</subfield><subfield code="b">paper ;</subfield><subfield code="c">311 x 209 mm. bound to 319 x 215 mm.</subfield></datafield><datafield tag="500" ind1=" " ind2=" "><subfield code="a">Shelfmark: Ann Arbor, University of Michigan, Special Collections Library, Isl. Ms. 940</subfield></datafield><datafield tag="500" ind1=" " ind2=" "><subfield code="a">Origin: As appears in colophon on p.65, transcription completed at the first of the Hijrī year corresponding to 1938 [i.e. March 1938]. Likely copied in Egypt in the late 1930s and bound for James Heyworth-Dunne (d.1974).</subfield></datafield><datafield tag="500" ind1=" " ind2=" "><subfield code="a">Former shelfmark: Mich. Isl. Ms. temp. no. 89</subfield></datafield><datafield tag="500" ind1=" " ind2=" "><subfield code="a">Binding: Boards covered in black cloth with black leather over spine (quarter binding) ; pastedowns and flyleaves in wove paper printed with a floral vegetal pattern in pink and green ; spine gold-stamped with title and decorative accents over raised bands "شواهد | الربوبية" ; overall in fairly good condition.</subfield></datafield><datafield tag="500" ind1=" " ind2=" "><subfield code="a">Support: Lined / ruled wove paper ; some cockling.</subfield></datafield><datafield tag="500" ind1=" " ind2=" "><subfield code="a">Script: Ruqʻah ; quick, compact hand in a medium to bold line ; serifless and freely ligatured with mainly closed counters, effect of inclination to the right and of words descending to baseline, pointing somewhat careless and in strokes rather than distinct dots, final yāʼ usually unpointed.</subfield></datafield><datafield tag="500" ind1=" " ind2=" "><subfield code="a">Layout: Written in 26-27 lines per page.</subfield></datafield><datafield tag="500" ind1=" " ind2=" "><subfield code="a">Collation: Pagination in pencil, Western numerals, supplied during digitization.</subfield></datafield><datafield tag="500" ind1=" " ind2=" "><subfield code="a">Colophon: "Scribal," reads "وكان الفراغ من تسويد هذه الاوراق في غرة السنة ... الهجرية سنة ١٩٣٨ والله يتولانا ... ويوفقنا كافية السعادة وحسن الختام"</subfield></datafield><datafield tag="500" ind1=" " ind2=" "><subfield code="a">Explicit: "وهذا الروح هو الذي قوبل بالملائكة جميعهم والى هنا تم المرام فاح مسك الختام ولاح بدر التمام"</subfield></datafield><datafield tag="500" ind1=" " ind2=" "><subfield code="a">Incipit: "مقدمة ان حقيقة الانسان حقيقة جمعية وحدتها كوحدة العالم وحدة تأليفية ذات مراتب واطوار كثيرة من التجرد والتجسم ..."</subfield></datafield><datafield tag="500" ind1=" " ind2=" "><subfield code="a">Title from heading at opening on p.2.</subfield></datafield><datafield tag="500" ind1=" " ind2=" "><subfield code="a">Ms. codex.</subfield></datafield><datafield tag="510" ind1="4" ind2=" "><subfield code="a">MacEoin, D. "Mullā Ṣadrā S̲H̲īrāzī Ṣadr al-Dīn Muḥammad b. Ibrāhīm Ḳawāmī S̲h̲īrāzī." In EI2,</subfield><subfield code="c">vol. VII, p.547, col. 2</subfield></datafield><datafield tag="510" ind1="4" ind2=" "><subfield code="a">Brockelmann, C. GAL,</subfield><subfield code="c">II 413 ; S II 589</subfield></datafield><datafield tag="520" ind1="8" ind2=" "><subfield code="a">Careful copy of an abridgement of the Shawāhid al-rubūbīyah, one of Mullā Ṣadrā Shīrāzī's (d.1641) last works summarizing his main teachings.</subfield></datafield><datafield tag="538" ind1=" " ind2=" "><subfield code="a">Mode of access: Internet.</subfield></datafield><datafield tag="541" ind1=" " ind2=" "><subfield code="a">Acquired in the Fall of 1950.</subfield></datafield><datafield tag="546" ind1=" " ind2=" "><subfield code="a">Arabic.</subfield></datafield><datafield tag="561" ind1=" " ind2=" "><subfield code="a">On upper pastedown label with ex libris of James Heyworth-Dunne (d.1974), stamped with inventory number, "Ex Libris | J. Heyworth-Dunne | D. Lit. (London) | No 8340" ; UM Library inscription on p.3 "Dunning | Heyworth-Dunne | 6-11-51 | 71955" ; numerous marginal glosses in the hand of the copyist.</subfield></datafield><datafield tag="650" ind1=" " ind2="0"><subfield code="a">Manuscripts, Arabic</subfield><subfield code="z">Michigan</subfield><subfield code="z">Ann Arbor.</subfield></datafield><datafield tag="650" ind1=" " ind2="0"><subfield code="a">Islamic philosophy</subfield><subfield code="v">Early works to 1800.</subfield></datafield><datafield tag="700" ind1="1" ind2=" "><subfield code="a">Heyworth-Dunne, J.</subfield><subfield code="q">(James),</subfield><subfield code="e">former owner.</subfield></datafield><datafield tag="773" ind1="0" ind2=" "><subfield code="a">Heyworth-Dunne Collection.</subfield></datafield><datafield tag="880" ind1="1" ind2="0"><subfield code="6">245-03/</subfield><subfield code="a">تلخيص كتاب شواهد الربوبية,</subfield><subfield code="f">[1938م].</subfield></datafield><datafield tag="880" ind1="1" ind2=" "><subfield code="6">100-01/</subfield><subfield code="a">صدر الدين شيرازي، محمد بن ابراهيم.</subfield></datafield><datafield tag="CID" ind1=" " ind2=" "><subfield code="a">006832328</subfield></datafield><datafield tag="DAT" ind1="0" ind2=" "><subfield code="a">20190719102640.0</subfield><subfield code="b">20190719000000.0</subfield></datafield><datafield tag="DAT" ind1="1" ind2=" "><subfield code="a">20190719090653.0</subfield><subfield code="b">2019-07-19T16:11:23Z</subfield></datafield><datafield tag="DAT" ind1="2" ind2=" "><subfield code="a">2015-10-10T18:00:06Z</subfield></datafield><datafield tag="CAT" ind1=" " ind2=" "><subfield code="a">SDR-MIU</subfield><subfield code="d">EX LIBRIS - ALEPH</subfield><subfield code="l">prepare.pl-004-008</subfield></datafield><datafield tag="FMT" ind1=" " ind2=" "><subfield code="a">BK</subfield></datafield><datafield tag="HOL" ind1=" " ind2=" "><subfield code="0">sdr-miu006832328</subfield><subfield code="a">MiU</subfield><subfield code="b">SDR</subfield><subfield code="c">MIU</subfield><subfield code="p">mdp.39015079131218</subfield><subfield code="s">MIU</subfield><subfield code="1">006832328</subfield></datafield><datafield tag="974" ind1=" " ind2=" "><subfield code="b">MIU</subfield><subfield code="c">MIU</subfield><subfield code="d">20190719</subfield><subfield code="s">lit-dlps-dc</subfield><subfield code="u">mdp.39015079131218</subfield><subfield code="y">1938</subfield><subfield code="r">ic-world</subfield><subfield code="q">man</subfield></datafield></record></collection>